@misc{lumi_lhc,
title = "{LHC luminosity plots for the 2012 proton run}",
note = "\url{https://lpc.web.cern.ch/lpc/lumiplots_2012.htm}"
}
@misc{lumi_cms,
title = "{Public CMS luminosity information}",
note = "\url{https://twiki.cern.ch/twiki/bin/view/CMSPublic/LumiPublicResults}"

}

@unpublished{Lefevre:1165534,
      author        = "Lefevre, C",
      title         = "{LHC: the guide (English version). Guide du LHC (version
                       anglaise)}",
      month         = "Feb",
      year          = "2009",
}

@article{Moretti:2001zz,
      author         = "Moretti, Mauro and Ohl, Thorsten and Reuter, Jurgen",
      title          = "{O'Mega: An Optimizing matrix element generator}",
      year           = "2001",
      eprint         = "hep-ph/0102195",
      archivePrefix  = "arXiv",
      primaryClass   = "hep-ph",
      reportNumber   = "IKDA-2001-06, LC-TOOL-2001-040",
      SLACcitation   = "%%CITATION = HEP-PH/0102195;%%",
}
@article{Kilian:2007gr,
      author         = "Kilian, Wolfgang and Ohl, Thorsten and Reuter, Jurgen",
      title          = "{WHIZARD: Simulating Multi-Particle Processes at LHC and
                        ILC}",
      journal        = "Eur.Phys.J.",
      volume         = "C71",
      pages          = "1742",
      doi            = "10.1140/epjc/s10052-011-1742-y",
      year           = "2011",
      eprint         = "0708.4233",
      archivePrefix  = "arXiv",
      primaryClass   = "hep-ph",
      reportNumber   = "DESY-11-126, EDINBURGH-2010-36, FR-PHENO-2010-037,
                        SI-HEP-2010-18",
      SLACcitation   = "%%CITATION = ARXIV:0708.4233;%%",
}
@article{Alwall:2014hca,
      author         = "Alwall, J. and Frederix, R. and Frixione, S. and Hirschi,
                        V. and Maltoni, F. and others",
      title          = "{The automated computation of tree-level and
                        next-to-leading order differential cross sections, and
                        their matching to parton shower simulations}",
      journal        = "JHEP",
      volume         = "1407",
      pages          = "079",
      doi            = "10.1007/JHEP07(2014)079",
      year           = "2014",
      eprint         = "1405.0301",
      archivePrefix  = "arXiv",
      primaryClass   = "hep-ph",
      reportNumber   = "CERN-PH-TH-2014-064, CP3-14-18, LPN14-066, MCNET-14-09,
                        ZU-TH-14-14",
      SLACcitation   = "%%CITATION = ARXIV:1405.0301;%%",
}
@article{Cacciari:2011ma,
      author         = "Cacciari, Matteo and Salam, Gavin P. and Soyez, Gregory",
      title          = "{FastJet User Manual}",
      journal        = "Eur.Phys.J.",
      volume         = "C72",
      pages          = "1896",
      doi            = "10.1140/epjc/s10052-012-1896-2",
      year           = "2012",
      eprint         = "1111.6097",
      archivePrefix  = "arXiv",
      primaryClass   = "hep-ph",
      reportNumber   = "CERN-PH-TH-2011-297",
      SLACcitation   = "%%CITATION = ARXIV:1111.6097;%%",
}
@misc{ExRoot,
  title = "{Exroot Analysis - User Manual}",
  url = "https://cp3.irmp.ucl.ac.be/projects/ExRootAnalysis/wiki/UserManual"
}
@article{Whalley:2005nh,
      author         = "Whalley, M.R. and Bourilkov, D. and Group, R.C.",
      title          = "{The Les Houches accord PDFs (LHAPDF) and LHAGLUE}",
      year           = "2005",
      eprint         = "hep-ph/0508110",
      archivePrefix  = "arXiv",
      primaryClass   = "hep-ph",
      SLACcitation   = "%%CITATION = HEP-PH/0508110;%%",
}
@article{Alwall:2006yp,
      author         = "Alwall, Johan and Ballestrero, A. and Bartalini, P. and
                        Belov, S. and Boos, E. and others",
      title          = "{A Standard format for Les Houches event files}",
      journal        = "Comput.Phys.Commun.",
      volume         = "176",
      pages          = "300-304",
      doi            = "10.1016/j.cpc.2006.11.010",
      year           = "2007",
      eprint         = "hep-ph/0609017",
      archivePrefix  = "arXiv",
      primaryClass   = "hep-ph",
      reportNumber   = "FERMILAB-PUB-06-337-T, CERN-LCGAPP-2006-03",
      SLACcitation   = "%%CITATION = HEP-PH/0609017;%%",
}
@article{Pumplin:2002vw,
      author         = "Pumplin, J. and Stump, D.R. and Huston, J. and Lai, H.L.
                        and Nadolsky, Pavel M. and others",
      title          = "{New generation of parton distributions with
                        uncertainties from global QCD analysis}",
      journal        = "JHEP",
      volume         = "0207",
      pages          = "012",
      doi            = "10.1088/1126-6708/2002/07/012",
      year           = "2002",
      eprint         = "hep-ph/0201195",
      archivePrefix  = "arXiv",
      primaryClass   = "hep-ph",
      reportNumber   = "MSU-HEP-011101",
      SLACcitation   = "%%CITATION = HEP-PH/0201195;%%",
}
@techreport{CMS-PAS-TOP-13-011,
      author        = "{CMS Collaboration}",
      title         = "{Measurement of the inclusive top-quark pair + photon
                       production cross section in the muon + jets channel in pp
                       collisions at 8 TeV}",
      institution   = "CERN",
      collaboration = "CMS Collaboration",
      address       = "Geneva",
      number        = "CMS-PAS-TOP-13-011",
      year          = "2014",
}
@article{tholen:ma,
   author = "Heiner Tholen",
   collaboration = "CMS",
   title="{Study of the Inclusive \ttgamma Cross Section with the CMS Experiment}",
   journal = "{III. Physikalisches Institut B, RWTH Aachen}",
   year = "2012",
   note = "\href{http://www.physik.rwth-aachen.de/fileadmin/user_upload/www_physik/Institute/Inst_3B/Forschung/CMS/Analyse/Veroeffentlichungen_und_Arbeiten/TtGamma_thesis_1_.pdf}{Master Thesis}"
}

@book{AliceTDR,
      title         = "{ALICE: Technical proposal for a Large Ion collider
                       Experiment at the CERN LHC}",
	author="The ALICE Collaboration",
      publisher     = "CERN",
      collaboration = "ALICE Collaboration",
      address       = "Geneva",
      series        = "LHC Tech. Proposal",
      year          = "1995",
	note = "\url{http://cds.cern.ch/record/293391}",
}
@book{AtlasTDR,
      title         = "{ATLAS detector and physics performance: Technical Design
                       Report, 1}",
      reportnumber="ATLAS-TDR-14, CERN-LHCC-99-014",
      publisher     = "CERN",
      author = "The ATLAS Collaboration",
      address       = "Geneva",
      series        = "Technical Design Report ATLAS",
      year          = "1999",
      note          = "\url{http://cds.cern.ch/record/391176}",
}
@book{LHCbTDR,
      title         = "{LHCb : Technical Proposal}",
	author="LHCb Collaboration",
      publisher     = "CERN",
      address       = "Geneva",
      series        = "Tech. Proposal",
      year          = "1998",
	NOTE = {\url{http://cds.cern.ch/record/622031}, \url{http://lhcb.web.cern.ch/lhcb/TDR/TDR.htm}}
}
@book{LHCfTDR,
      author        = "Adriani, O and Bonechi, L and Bongi, M and D'ALessandro, R
                       and Faus, D A and Haguenauer, M and Itow, Y and Kasahara, K
                       and Masuda, K and Matsubara, Y and Menjo, H and Muraki, Y
                       and Papini, P and Sako, T and Tamura, T and Torii, S and
                       Tricomi, A and Turner, W C and Velasco, J and Yoshida, K",
      title         = "{LHCf experiment: Technical Design Report}",
      publisher     = "CERN",
      collaboration = "LHCf Collaboration",
      address       = "Geneva",
      series        = "Technical Design Report LHCf",
      year          = "2006",
NOTE = "\url{http://cdsweb.cern.ch/record/926196/}"
}
@book{TOTEMTDR,
      author        = "Berardi, V and Catanesi",
      title         = "{Total cross-section, elastic scattering and diffraction
                       dissociation at the Large Hadron Collider at CERN: TOTEM
                       Technical Design Report}",
      publisher     = "CERN",
      collaboration = "TOTEM Collaboration",
      address       = "Geneva",
      series        = "Technical Design Report TOTEM",
      year          = "2004",
NOTE = "\url{http://cdsweb.cern.ch/record/704349}"
}
@book{CMStdrEcal,
      title         = "{The CMS electromagnetic calorimeter project: Technical
                       Design Report}",
      publisher     = "CERN",
      author = "CMS Collaboration",
      address       = "Geneva",
      series        = "Technical Design Report CMS",
      year          = "1997",
	note = {\url{http://cds.cern.ch/record/349375}}
}
@book{CMStdrHcal,
      title         = "{The CMS hadron calorimeter project: Technical Design
                       Report}",
      publisher     = "CERN",
      author = "CMS Collaboration",
      address       = "Geneva",
      series        = "Technical Design Report CMS",
      year          = "1997",
      note          = "\url{http://cds.cern.ch/record/357153}",
}



@MISC{CMSSWDOC,
      TITLE = {{The CMS Offline SW Guide.}},
      NOTE = "\texttt{\\ \url{https://twiki.cern.ch/twiki/bin/view/CMS/SWGuide}}"
}
@MISC{CMSSLICE,
      TITLE = {{CMS-Schnitt/Aufbau.}},
      NOTE = "\texttt{\\ \url{http://cms.web.cern.ch/cms/Resources/Website/Media/Videos/Animations/files/CMS\_Slice.gif}}"
}
@article{Collaboration2008a,
author = {Collaboration, The CMS},
doi = {10.1088/1748-0221/3/08/S08004},
file = {:home/home2/institut\_3b/hoehle/.local/share/data/Mendeley Ltd./Mendeley Desktop/Downloaded/Collaboration et al. - 2008 - The CMS experiment at the CERN LHC.pdf:pdf},
issn = {1748-0221},
journal = {Journal of Instrumentation},
number = {08},
pages = {S08004--S08004},
title = {{The CMS experiment at the CERN LHC}},
url = {http://stacks.iop.org/1748-0221/3/i=08/a=S08004?key=crossref.fc7f4422618a075830e017d1d930a35c},
volume = {3},
year = {2008}
}
@book{cmsTDR1,
      author        = "Bayatian, G L and Chatrchyan, S and Hmayakyan, G and
                       Sirunyan, A M and Adam, W and Bergauer, T and Dragicevic, M
                       and Ero, J and Friedl, M and Fruehwirth, R and Ghete",
      title         = "{CMS Physics: Technical Design Report Volume 1: Detector
                       Performance and Software}",
      publisher     = "CERN",
			reportnumber="CERN-LHCC-2006-001 ; CMS-TDR-8-1",
      collaboration = "CMS Collaboration",
      address       = "Geneva",
      series        = "Technical Design Report CMS",
      year          = "2006",
      note          = "\url{http://cds.cern.ch/record/922757}",
}
@book{LHCTDR,
      author        = "Br{\"u}ning, Oliver Sim and Collier, Paul and Lebrun, P and
                       Myers, Stephen and Ostojic, Ranko and Poole, John and
                       Proudlock, Paul",
	number = {CERN-2004-003-V-1},
doi = "10.5170/CERN-2004-003-V-1",
      title         = "{LHC Design Report Vol. I The LHC Main Ring}",
      publisher     = "CERN",
      address       = "Geneva",
     series={LHC Design Report},
      year          = "2004",
 	note="\url{http://cds.cern.ch/record/782076}",
	
}
@misc{CMS_Draw,
      title = "{CMS Detector Drawings}",
      author = "Eleanor M. Rusack",
      \note = "\url{https://cms-docdb.cern.ch/cgi-bin/PublicDocDB/ShowDocument?docid=5955}",
}

@ARTICLE{CMSTrackRes,
   author = {{Khachatryan}, V. and {Sirunyan}, A.~M. and {Tumasyan}, A. and 
	{Adam}, W. and {Bergauer}, T. and {Dragicevic}, M. and {Er{\"o}}, J. and 
	{Fabjan}, C. and {Friedl}, M. and {Fr{\"u}hwirth}, R. and et al.},
    title = "{CMS tracking performance results from early LHC operation}",
  journal = {European Physical Journal C},
archivePrefix = "arXiv",
   eprint = {1007.1988},
 primaryClass = "physics.ins-det",
     year = 2010,
    month = dec,
   volume = 70,
    pages = {1165-1192},
      doi = {10.1140/epjc/s10052-010-1491-3},
   adsurl = {http://adsabs.harvard.edu/abs/2010EPJC...70.1165K},
  adsnote = {Provided by the SAO/NASA Astrophysics Data System}
}
@article{CMS_Jinst,
  author={The CMS Collaboration},
  title={The CMS experiment at the CERN LHC},
  journal={Journal of Instrumentation},
  volume={3},
  number={08},
  pages={S08004},
  url={http://stacks.iop.org/1748-0221/3/i=08/a=S08004},
  year={2008},
}
@article{HCAL_Perf,
      author         = "Baiatian, G. and others",
      title          = "{Design, Performance, and Calibration of CMS
                        Hadron-Barrel Calorimeter Wedges}",
      collaboration  = "CMS HCAL Collaboration",
      year           = "2007",
      reportNumber   = "CERN-CMS-NOTE-2006-138, CMS-NOTE-2006-138",
      SLACcitation   = "%%CITATION = CERN-CMS-NOTE-2006-138 ETC.;%%",
}
@book{CMS_Magnet,
      title         = "{The CMS magnet project: Technical Design Report}",
      publisher     = "CERN",
      collaboration = "CMS Collaboration",
      address       = "Geneva",
      series        = "Technical Design Report CMS",
      year          = "1997",
}

@book{CMS_Muon,
      author        = "{CMS Collaboration}",
      title         = "{The CMS muon project: Technical Design Report}",
      publisher     = "CERN",
      collaboration = "CMS Collaboration",
      address       = "Geneva",
      series        = "Technical Design Report CMS",
      year          = "1997",
}
@ARTICLE{CMS_Muonperf,
   author = {{The CMS Collaboration}},
    title = "{Performance of CMS muon reconstruction in pp collision events at $\sqrt{s}$ = 7 TeV}",
  journal = {Journal of Instrumentation},
archivePrefix = "arXiv",
   eprint = {1206.4071},
 primaryClass = "physics.ins-det",
     year = 2012,
    month = oct,
   volume = 7,
    pages = {2P},
      doi = {10.1088/1748-0221/7/10/P10002},
   adsurl = {http://adsabs.harvard.edu/abs/2012JInst...7P0002T},
  adsnote = {Provided by the SAO/NASA Astrophysics Data System}
}
@book{CMS_Tridas_2,
      author        = "Cittolin, Sergio and R{\'a}cz, Attila and Sphicas, Paris",
      title         = "{CMS The TriDAS Project: Technical Design Report, Volume
                       2: Data Acquisition and High-Level Trigger. CMS trigger and
                       data-acquisition project}",
      publisher     = "CERN",
      collaboration = "CMS Collaboration",
      address       = "Geneva",
      series        = "Technical Design Report CMS",
      year          = "2002",
}
@article{CMS_HLT,
      author         = "Adam, W. and others",
      title          = "{The CMS high level trigger}",
      collaboration  = "CMS Trigger and Data Acquisition Group",
      journal        = "Eur.Phys.J.",
      volume         = "C46",
      pages          = "605-667",
      doi            = "10.1140/epjc/s2006-02495-8",
      year           = "2006",
      eprint         = "hep-ex/0512077",
      archivePrefix  = "arXiv",
      primaryClass   = "hep-ex",
      SLACcitation   = "%%CITATION = HEP-EX/0512077;%%",
}
@techreport{CMS_Upgrade_2011,
      author        = "CMS Collaboration",
      title         = "{Technical proposal for the upgrade of the CMS detector
                       through 2020}",
      institution   = "CERN",
      address       = "Geneva",
      number        = "CERN-LHCC-2011-006. LHCC-P-004",
      month         = "Jun",
      year          = "2011",
}
@techreport{CMS-PAS-TOP-12-027,
      author        = "CMS Collaboration",
      title         = "{Measurement of differential top-quark pair production
                       cross sections in the lepton+jets channel in pp collisions
                       at 8 TeV}",
      institution   = "CERN",
      collaboration = "CMS Collaboration",
      address       = "Geneva",
      number        = "CMS-PAS-TOP-12-027",
      year          = "2013",
}
@misc{CMS-DP-2013-009,
      author        = "CMS Collaboration",
      title         = "{Single Muon efficiencies in 2012 Data, by the CMS Collaboration}",
      collaboration = "CMS Collaboration",
      month         = "Mar",
      year          = "2013",
}
@article{Chatrchyan:2012xi,
      author         = "Chatrchyan, Serguei and others",
      title          = "{Performance of CMS muon reconstruction in $pp$ collision
                        events at $\sqrt{s}=7$ TeV}",
      collaboration  = "CMS Collaboration",
      journal        = "JINST",
      volume         = "7",
      pages          = "P10002",
      doi            = "10.1088/1748-0221/7/10/P10002",
      year           = "2012",
      eprint         = "1206.4071",
      archivePrefix  = "arXiv",
      primaryClass   = "physics.ins-det",
      reportNumber   = "CMS-MUO-10-004, CERN-PH-EP-2012-173",
      SLACcitation   = "%%CITATION = ARXIV:1206.4071;%%",
}
@article{Chatrchyan:2012jua,
      author         = "Chatrchyan, Serguei and others",
      title          = "{Identification of b-quark jets with the CMS experiment}",
      collaboration  = "CMS Collaboration",
      journal        = "JINST",
      volume         = "8",
      pages          = "P04013",
      doi            = "10.1088/1748-0221/8/04/P04013",
      year           = "2013",
      eprint         = "1211.4462",
      archivePrefix  = "arXiv",
      primaryClass   = "hep-ex",
      reportNumber   = "CMS-BTV-12-001, CERN-PH-EP-2012-262",
      SLACcitation   = "%%CITATION = ARXIV:1211.4462;%%",
}

@techreport{CMS-PAS-HIG-13-006,
      author        = "{CMS Collboration}",
      title         = "{Search for the standard model Higgs boson in the Z boson
                       plus a photon channel in pp collisions at sqrt-s = 7 and
                       8\,TeV}",
      institution   = "CERN",
      collaboration = "CMS Collaboration",
      address       = "Geneva",
      number        = "CMS-PAS-HIG-13-006",
      year          = "2013",
}
@article{Chatrchyan:2011qt,
      author         = "Chatrchyan, Serguei and others",
      title          = "{Measurement of the Production Cross Section for Pairs of
                        Isolated Photons in $pp$ collisions at $\sqrt{s}=7$ TeV}",
      collaboration  = "CMS Collaboration",
      journal        = "JHEP",
      volume         = "1201",
      pages          = "133",
      doi            = "10.1007/JHEP01(2012)133",
      year           = "2012",
      eprint         = "1110.6461",
      archivePrefix  = "arXiv",
      primaryClass   = "hep-ex",
      reportNumber   = "CERN-PH-EP-2011-171, CMS-QCD-10-035",
      SLACcitation   = "%%CITATION = ARXIV:1110.6461;%%",
}
@misc{RandCone_Talk,
     author ="M. Peruzzi",
     title = "{Measurement of the differential isolated diphoton production cross section at CMS}",
     howpublished =" {2014 CHIPP Annual Plenary Meeting and PhD/Postdoc Days}",
     year = "2014",
     note = "\href{Link to indico}{https://indico.cern.ch/event/320325/session/9/contribution/21/material/slides/0.pdf}"

}
@misc{RandCone_AN,
      collaboration = "CMS Collaboration",
      title = "{Measurement of differential cross-section for diphoton production processes in 2011 data with a Particle-Flow photon isolation method}",
      year = "2014",
      note ="AN-2013/034, Internal CMS communication",
}

@misc{theta,
     author = "T. Mueller, J. Ott and J. Wagner-Kuhr",
     title= "{theta- a framework for template-based modeling and inference}",
     year = "2010",
     note = "\url{http://www-ekp.physik.uni-karlsruhe.de/~ott/theta/theta.pdf}",
}
@article{Barlow:1993dm,
      author         = "Barlow, Roger J. and Beeston, Christine",
      title          = "{Fitting using finite Monte Carlo samples}",
      journal        = "Comput.Phys.Commun.",
      volume         = "77",
      pages          = "219-228",
      doi            = "10.1016/0010-4655(93)90005-W",
      year           = "1993",
      reportNumber   = "MAN-HEP-93-1",
      SLACcitation   = "%%CITATION = CPHCB,77,219;%%",
}
@ARTICLE{2011arXiv1103.0354C,
   author = {{Conway}, J.~S.},
    title = "{Incorporating Nuisance Parameters in Likelihoods for Multisource Spectra}",
  journal = {ArXiv e-prints},
archivePrefix = "arXiv",
   eprint = {1103.0354},
 primaryClass = "physics.data-an",
 keywords = {Physics - Data Analysis, Statistics and Probability, High Energy Physics - Experiment},
     year = 2011,
    month = mar,
   adsurl = {http://adsabs.harvard.edu/abs/2011arXiv1103.0354C},
  adsnote = {Provided by the SAO/NASA Astrophysics Data System}
}

@article{Englert:2012by,
      author         = "Englert, Christoph and Freitas, Ayres and Spira, Michael
                        and Zerwas, Peter M.",
      title          = "{Constraining the Intrinsic Structure of Top-Quarks}",
      journal        = "Phys.Lett.",
      volume         = "B721",
      pages          = "261-268",
      doi            = "10.1016/j.physletb.2013.03.017",
      year           = "2013",
      eprint         = "1210.2570",
      archivePrefix  = "arXiv",
      primaryClass   = "hep-ph",
      reportNumber   = "IPPP-12-66, DCPT-12-132, PSI-PR-12-05, PSI--PR--12--05",
      SLACcitation   = "%%CITATION = ARXIV:1210.2570;%%",
}
@article{Kopp:1994qv,
      author         = "Kopp, G. and Schaile, D. and Spira, M. and Zerwas, P.M.",
      title          = "{Bounds on radii and magnetic dipole moments of quarks
                        and leptons from LEP, SLC and HERA}",
      journal        = "Z.Phys.",
      volume         = "C65",
      pages          = "545-550",
      doi            = "10.1007/BF01556142",
      year           = "1995",
      eprint         = "hep-ph/9409457",
      archivePrefix  = "arXiv",
      primaryClass   = "hep-ph",
      reportNumber   = "DESY-94-148",
      SLACcitation   = "%%CITATION = HEP-PH/9409457;%%",
}
@techreport{CMS-PAS-TOP-12-004,
      author        = "CMS Collaboration",
      title         = "{Measurement of Spin Correlations in ttbar production}",
      institution   = "CERN",
      collaboration = "CMS Collaboration",
      address       = "Geneva",
      number        = "CMS-PAS-TOP-12-004",
      year          = "2012",
}
@phdthesis{Höhle:1349025,
      author        = "Höhle, Felix",
      title         = "{Untersuchung von Spinkorrelationen im semileptonischen
                       Top-Paar-Zerfall mit dem CMS-Experiment}",
      school        = "Aachen, Tech. Hochsch.,Physik. Inst. B",
      address       = "Aachen",
      year          = "2010",
      note          = "Presented 01 Jul 2010",
}
@article{AguilarSaavedra:2008zc,
      author         = "Aguilar-Saavedra, J.A.",
      title          = "{A Minimal set of top anomalous couplings}",
      journal        = "Nucl.Phys.",
      volume         = "B812",
      pages          = "181-204",
      doi            = "10.1016/j.nuclphysb.2008.12.012",
      year           = "2009",
      eprint         = "0811.3842",
      archivePrefix  = "arXiv",
      primaryClass   = "hep-ph",
      SLACcitation   = "%%CITATION = ARXIV:0811.3842;%%",
}
@article{Jersak:1981sp,
      author         = "Jersak, J. and Laermann, E. and Zerwas, P.M.",
      title          = "{Electroweak Production of Heavy Quarks in e+ e-
                        Annihilation}",
      journal        = "Phys.Rev.",
      volume         = "D25",
      pages          = "1218",
      doi            = "10.1103/PhysRevD.36.310, 10.1103/PhysRevD.25.1218",
      year           = "1982",
      reportNumber   = "PRINT-81-0005 (AACHEN), PITHA-80-15",
      SLACcitation   = "%%CITATION = PHRVA,D25,1218;%%",
}
@phdthesis{Hermanns:1292768,
      author        = "Hermanns, Thomas and Mnich, J",
      title         = "{Studies at the CMS experiment on silicon microstrip
                       module defects and on photon identification in semileptonic
                       ttbar-events}",
      school        = "RWTH Aachen U.",
      address       = "Aachen",
      year          = "2008",
      note          = "presented 15 Dec 2008",
}
@misc{steeger,
   author = "Thomas Steeger",
   collaboration = "CMS",
   title="Data-Driven Validation of the Photon Identification for Top Photon Vertex Investigations with the CMS Experiment",
   journal = "III. Physikalisches Institut B, RWTH Aachen",
   year = "2012",
}
@article{Melnikov:2011ta,
      author         = "Melnikov, Kirill and Schulze, Markus and Scharf, Andreas",
      title          = "{QCD corrections to top quark pair production in
                        association with a photon at hadron colliders}",
      journal        = "Phys.Rev.",
      volume         = "D83",
      pages          = "074013",
      doi            = "10.1103/PhysRevD.83.074013",
      year           = "2011",
      eprint         = "1102.1967",
      archivePrefix  = "arXiv",
      primaryClass   = "hep-ph",
      SLACcitation   = "%%CITATION = ARXIV:1102.1967;%%",
      note           = "Additional private communication with M. Schulze"
}
@article{Antchev:2011vs,
      author         = "Antchev, G. and Aspell, P. and Atanassov, I. and Avati,
                        V. and Baechler, J. and others",
      title          = "{First measurement of the total proton-proton cross
                        section at the LHC energy of $\sqrt{s}$ =7 TeV}",
      journal        = "Europhys.Lett.",
      volume         = "96",
      pages          = "21002",
      doi            = "10.1209/0295-5075/96/21002",
      year           = "2011",
      eprint         = "1110.1395",
      archivePrefix  = "arXiv",
      primaryClass   = "hep-ex",
      reportNumber   = "CERN-PH-EP-2011-158",
      SLACcitation   = "%%CITATION = ARXIV:1110.1395;%%",
}
@article{Alioli:2011as,
      author         = "Alioli, Simone and Moch, Sven-Olaf and Uwer, Peter",
      title          = "{Hadronic top-quark pair-production with one jet and
                        parton showering}",
      journal        = "JHEP",
      volume         = "1201",
      pages          = "137",
      doi            = "10.1007/JHEP01(2012)137",
      year           = "2012",
      eprint         = "1110.5251",
      archivePrefix  = "arXiv",
      primaryClass   = "hep-ph",
      reportNumber   = "DESY-11-122, HU-EP-11-36, LPN-11-39, SFB-CPP-11-41",
      SLACcitation   = "%%CITATION = ARXIV:1110.5251;%%",
}
@article{Nason:2004rx,
      author         = "Nason, Paolo",
      title          = "{A New method for combining NLO QCD with shower Monte
                        Carlo algorithms}",
      journal        = "JHEP",
      volume         = "0411",
      pages          = "040",
      doi            = "10.1088/1126-6708/2004/11/040",
      year           = "2004",
      eprint         = "hep-ph/0409146",
      archivePrefix  = "arXiv",
      primaryClass   = "hep-ph",
      reportNumber   = "BICOCCA-FT-04-11",
      SLACcitation   = "%%CITATION = HEP-PH/0409146;%%",
}
@article{Frixione:2007vw,
      author         = "Frixione, Stefano and Nason, Paolo and Oleari, Carlo",
      title          = "{Matching NLO QCD computations with Parton Shower
                        simulations: the POWHEG method}",
      journal        = "JHEP",
      volume         = "0711",
      pages          = "070",
      doi            = "10.1088/1126-6708/2007/11/070",
      year           = "2007",
      eprint         = "0709.2092",
      archivePrefix  = "arXiv",
      primaryClass   = "hep-ph",
      reportNumber   = "BICOCCA-FT-07-9, GEF-TH-21-2007",
      SLACcitation   = "%%CITATION = ARXIV:0709.2092;%%",
}
@article{Alioli:2010xd,
      author         = "Alioli, Simone and Nason, Paolo and Oleari, Carlo and Re,
                        Emanuele",
      title          = "{A general framework for implementing NLO calculations in
                        shower Monte Carlo programs: the POWHEG BOX}",
      journal        = "JHEP",
      volume         = "1006",
      pages          = "043",
      doi            = "10.1007/JHEP06(2010)043",
      year           = "2010",
      eprint         = "1002.2581",
      archivePrefix  = "arXiv",
      primaryClass   = "hep-ph",
      reportNumber   = "DESY-10-018, SFB-CPP-10-22, IPPP-10-11, DCPT-10-22",
      SLACcitation   = "%%CITATION = ARXIV:1002.2581;%%",
}
@article{Sjostrand:2006za,
      author         = "Sjostrand, Torbjorn and Mrenna, Stephen and Skands, Peter
                        Z.",
      title          = "{PYTHIA 6.4 Physics and Manual}",
      journal        = "JHEP",
      volume         = "0605",
      pages          = "026",
      doi            = "10.1088/1126-6708/2006/05/026",
      year           = "2006",
      eprint         = "hep-ph/0603175",
      archivePrefix  = "arXiv",
      primaryClass   = "hep-ph",
      reportNumber   = "FERMILAB-PUB-06-052-CD-T, LU-TP-06-13",
      SLACcitation   = "%%CITATION = HEP-PH/0603175;%%",
}
@article{Corcella:2000bw,
      author         = "Corcella, G. and Knowles, I.G. and Marchesini, G. and
                        Moretti, S. and Odagiri, K. and others",
      title          = "{HERWIG 6: An Event generator for hadron emission
                        reactions with interfering gluons (including
                        supersymmetric processes)}",
      journal        = "JHEP",
      volume         = "0101",
      pages          = "010",
      doi            = "10.1088/1126-6708/2001/01/010",
      year           = "2001",
      eprint         = "hep-ph/0011363",
      archivePrefix  = "arXiv",
      primaryClass   = "hep-ph",
      reportNumber   = "CAVENDISH-HEP-99-03, CERN-TH-2000-284, RAL-TR-2000-048",
      SLACcitation   = "%%CITATION = HEP-PH/0011363;%%",
}
@article{Frixione:2002ik,
      author         = "Frixione, Stefano and Webber, Bryan R.",
      title          = "{Matching NLO QCD computations and parton shower
                        simulations}",
      journal        = "JHEP",
      volume         = "0206",
      pages          = "029",
      doi            = "10.1088/1126-6708/2002/06/029",
      year           = "2002",
      eprint         = "hep-ph/0204244",
      archivePrefix  = "arXiv",
      primaryClass   = "hep-ph",
      reportNumber   = "CAVENDISH-HEP-02-01, LAPTH-905-02, GEF-TH-2-2002",
      SLACcitation   = "%%CITATION = HEP-PH/0204244;%%",
}
@article{Frixione:2003ei,
      author         = "Frixione, Stefano and Nason, Paolo and Webber, Bryan R.",
      title          = "{Matching NLO QCD and parton showers in heavy flavor
                        production}",
      journal        = "JHEP",
      volume         = "0308",
      pages          = "007",
      doi            = "10.1088/1126-6708/2003/08/007",
      year           = "2003",
      eprint         = "hep-ph/0305252",
      archivePrefix  = "arXiv",
      primaryClass   = "hep-ph",
      reportNumber   = "BICOCCA-FT-03-11, CAVENDISH-HEP-03-03, CERN-TH-2003-102,
                        GEF-TH-5-2003",
      SLACcitation   = "%%CITATION = HEP-PH/0305252;%%",
}
@techreport{CMS-PAS-BTV-13-001,
      author        = "{CMS Collaboration}",
      title         = "{Performance of b tagging at sqrt(s)=8 TeV in multijet,
                       ttbar and boosted topology events}",
      institution   = "CERN",
      collaboration = "CMS Collaboration",
      address       = "Geneva",
      number        = "CMS-PAS-BTV-13-001",
      year          = "2013",
}
@techreport{CMS-PAS-TOP-12-007,
      author        = "{CMS Collaboration}",
      title         = "{Top pair cross section in dileptons}",
      institution   = "CERN",
      collaboration = "CMS Collaboration",
      address       = "Geneva",
      number        = "CMS-PAS-TOP-12-007",
      year          = "2012",
}
@article{Davids,
   author = "Martina Davids",
   collaboration = "CMS",
   title="{Untersuchung hadronischer $\ttbar$-Zerfaelle mit dem CMS-Detektor am LHC}",
   journal = "RWTH Aachen",
   note = {\href{http://www.physik.rwth-aachen.de/fileadmin/user_upload/www_physik/Institute/Inst_3B/Forschung/CMS/Analyse/Veroeffentlichungen_und_Arbeiten/}{Diploma Thesis}},
   year = "2006",
}
@article{Aad:2012tfa,
      author         = "Aad, Georges and others",
      title          = "{Observation of a new particle in the search for the
                        Standard Model Higgs boson with the ATLAS detector at the
                        LHC}",
      collaboration  = "ATLAS Collaboration",
      journal        = "Phys.Lett.",
      volume         = "B716",
      pages          = "1-29",
      doi            = "10.1016/j.physletb.2012.08.020",
      year           = "2012",
      eprint         = "1207.7214",
      archivePrefix  = "arXiv",
      primaryClass   = "hep-ex",
      reportNumber   = "CERN-PH-EP-2012-218",
      SLACcitation   = "%%CITATION = ARXIV:1207.7214;%%",
}
@article{Chatrchyan:2012ufa,
      author         = "Chatrchyan, Serguei and others",
      title          = "{Observation of a new boson at a mass of 125 GeV with the
                        CMS experiment at the LHC}",
      collaboration  = "CMS Collaboration",
      journal        = "Phys.Lett.",
      volume         = "B716",
      pages          = "30-61",
      doi            = "10.1016/j.physletb.2012.08.021",
      year           = "2012",
      eprint         = "1207.7235",
      archivePrefix  = "arXiv",
      primaryClass   = "hep-ex",
      reportNumber   = "CMS-HIG-12-028, CERN-PH-EP-2012-220",
      SLACcitation   = "%%CITATION = ARXIV:1207.7235;%%",
}
@article{Salam:1968rm,
      author         = "Salam, Abdus",
      title          = "{Weak and Electromagnetic Interactions}",
      journal        = "Conf.Proc.",
      volume         = "C680519",
      pages          = "367-377",
      year           = "1968",
      SLACcitation   = "%%CITATION = CONFP,C680519,367;%%",
}
@article{Weinberg:1967tq,
      author         = "Weinberg, Steven",
      title          = "{A Model of Leptons}",
      journal        = "Phys.Rev.Lett.",
      volume         = "19",
      pages          = "1264-1266",
      doi            = "10.1103/PhysRevLett.19.1264",
      year           = "1967",
      SLACcitation   = "%%CITATION = PRLTA,19,1264;%%",
}
@article{Glashow:1961tr,
      author         = "Glashow, S.L.",
      title          = "{Partial Symmetries of Weak Interactions}",
      journal        = "Nucl.Phys.",
      volume         = "22",
      pages          = "579-588",
      doi            = "10.1016/0029-5582(61)90469-2",
      year           = "1961",
      SLACcitation   = "%%CITATION = NUPHA,22,579;%%",
}
@misc{sm-part,
title = "{Particles of the Standard Model.} ",
note = "\url{http://www.emmynoethercms.uni-hamburg.de/old_en/research/StandardModel3.jpg}",
}


@article{Higgs:1964ia,
      author         = "Higgs, Peter W.",
      title          = "{Broken symmetries, massless particles and gauge fields}",
      journal        = "Phys.Lett.",
      volume         = "12",
      pages          = "132-133",
      doi            = "10.1016/0031-9163(64)91136-9",
      year           = "1964",
      SLACcitation   = "%%CITATION = PHLTA,12,132;%%",
}

@article{Englert:1964et,
      author         = "Englert, F. and Brout, R.",
      title          = "{Broken Symmetry and the Mass of Gauge Vector Mesons}",
      journal        = "Phys.Rev.Lett.",
      volume         = "13",
      pages          = "321-323",
      doi            = "10.1103/PhysRevLett.13.321",
      year           = "1964",
      SLACcitation   = "%%CITATION = PRLTA,13,321;%%",
}
@article{Politzer:1974fr,
      author         = "Politzer, H. David",
      title          = "{Asymptotic Freedom: An Approach to Strong Interactions}",
      journal        = "Phys.Rept.",
      volume         = "14",
      pages          = "129-180",
      doi            = "10.1016/0370-1573(74)90014-3",
      year           = "1974",
      reportNumber   = "PRINT-74-1223 (HARVARD)",
      SLACcitation   = "%%CITATION = PRPLC,14,129;%%",
}
@article{Collins:1987pm,
      author         = "Collins, John C. and Soper, Davison E.",
      title          = "{The Theorems of Perturbative QCD}",
      journal        = "Ann.Rev.Nucl.Part.Sci.",
      volume         = "37",
      pages          = "383-409",
      doi            = "10.1146/annurev.ns.37.120187.002123",
      year           = "1987",
      reportNumber   = "OITS-350",
      SLACcitation   = "%%CITATION = ARNUA,37,383;%%",
}

@misc{ubiali_phd,
  author = "M. Ubiali",
  title = "{A new approach in the determination of Parton Distribution Functions. Application to processes with heavy quarks in the initial state}",
  year= "2010",
  journal = "University of Edinburgh",
  address = "Edinburgh",
  note = "Phd Thesis",
  }
  @article{Quigg:2009gg,
      author         = "Quigg, Chris",
      title          = "{LHC Physics Potential versus Energy}",
      year           = "2009",
      eprint         = "0908.3660",
      archivePrefix  = "arXiv",
      primaryClass   = "hep-ph",
      reportNumber   = "FERMILAB-FN-0839-T",
      SLACcitation   = "%%CITATION = ARXIV:0908.3660;%%",
}
@article{'tHooft:880603,
      author        = "'t Hooft, Gerardus",
      title         = "{Dimensional regularization and the renormalization
                       group}",
      journal       = "Nucl. Phys. B",
      number        = "CERN-TH-1666",
      volume        = "61",
      pages         = "455-68",
      year          = "1973",
}
@article{Abe:1995hr,
      author         = "Abe, F. and others",
      title          = "{Observation of top quark production in $\bar{p}p$
                        collisions}",
      collaboration  = "CDF Collaboration",
      journal        = "Phys.Rev.Lett.",
      volume         = "74",
      pages          = "2626-2631",
      doi            = "10.1103/PhysRevLett.74.2626",
      year           = "1995",
      eprint         = "hep-ex/9503002",
      archivePrefix  = "arXiv",
      primaryClass   = "hep-ex",
      reportNumber   = "FERMILAB-PUB-95-022-E, CDF-PUB-TOP-PUBLIC-3040,
                        ANL-HEP-PR-95-44",
      SLACcitation   = "%%CITATION = HEP-EX/9503002;%%",
}
@article{Abachi:1995iq,
      author         = "Abachi, S. and others",
      title          = "{Observation of the top quark}",
      collaboration  = "D0 Collaboration",
      journal        = "Phys.Rev.Lett.",
      volume         = "74",
      pages          = "2632-2637",
      doi            = "10.1103/PhysRevLett.74.2632",
      year           = "1995",
      eprint         = "hep-ex/9503003",
      archivePrefix  = "arXiv",
      primaryClass   = "hep-ex",
      reportNumber   = "FERMILAB-PUB-95-028-E",
      SLACcitation   = "%%CITATION = HEP-EX/9503003;%%",
}
@techreport{arXiv:1403.4427,
      title         = "{First combination of Tevatron and LHC measurements of the
                       top-quark mass}",
      institution   = "CERN",
      collaboration = "ATLAS Collaboration, CDF Collaboration, CMS Collaboration,
                       D0 Collaboration",
      address       = "Geneva",
      number        = "arXiv:1403.4427. ATLAS-CONF-2014-008. CDF-NOTE-11071.
                       CMS-PAS-TOP-13-014. D0-NOTE-6416",
      month         = "Mar",
      year          = "2014",
      note          = "Comments: 34 pages, 7 figures",
}
@article{toppdg,
author="{J. Behringer et al. (Particle Data Group)}",
journal="PR D86, 010001",
year="2012",
note={partial update for the 2014 edition \url{http://pdg.lbl.gov}},
}
@article{Khachatryan:2014iya,
      author         = "Khachatryan, Vardan and others",
      title          = "{Measurement of the t-channel single-top-quark production
                        cross section and of the $\mid V_{tb} \mid$ CKM matrix
                        element in pp collisions at $\sqrt{s}$= 8 TeV}",
      collaboration  = "CMS Collaboration",
      journal        = "JHEP",
      volume         = "1406",
      pages          = "090",
      doi            = "10.1007/JHEP06(2014)090",
      year           = "2014",
      eprint         = "1403.7366",
      archivePrefix  = "arXiv",
      primaryClass   = "hep-ex",
      reportNumber   = "CMS-TOP-12-038, CERN-PH-EP-2014-032",
      SLACcitation   = "%%CITATION = ARXIV:1403.7366;%%",
}

@misc{top_branch,
      author = "Thomas Mueller",
      title = "{New Results from the Top Quark}",
      year = "2012",
      note = "\url{http://www-ekp.physik.uni-karlsruhe.de/~mullerth/TOP-SEMINAR12}",
      }
      
@article{Aaltonen:2011sp,
      author         = "Aaltonen, T. and others",
      title          = "{Evidence for $t\bar{t}\gamma$ Production and Measurement
                        of $\sigma_t\bar{t}\gamma / \sigma_t\bar{t}$}",
      collaboration  = "CDF Collaboration",
      journal        = "Phys.Rev.",
      volume         = "D84",
      pages          = "031104",
      doi            = "10.1103/PhysRevD.84.031104",
      year           = "2011",
      eprint         = "1106.3970",
      archivePrefix  = "arXiv",
      primaryClass   = "hep-ex",
      reportNumber   = "FERMILAB-PUB-11-283-E-PPD",
      SLACcitation   = "%%CITATION = ARXIV:1106.3970;%%",
}
@techreport{ATLAS-CONF-2011-122,
      author        = "{ATLAS Collaboration}",
      title         = "{Measurement of the W boson polarisation in top quark
                       decays in 0.70 fb$^{-1}$ of pp collisions at sqrt(s)=7 TeV
                       with the ATLAS detector}",
      institution   = "CERN",
      collaboration = "ATLAS Collaboration",
      address       = "Geneva",
      number        = "ATLAS-CONF-2011-122",
      month         = "Aug",
      year          = "2011",
}
@article{Alioli:2009je,
      author         = "Alioli, Simone and Nason, Paolo and Oleari, Carlo and Re,
                        Emanuele",
      title          = "{NLO single-top production matched with shower in POWHEG:
                        s- and t-channel contributions}",
      journal        = "JHEP",
      volume         = "0909",
      pages          = "111",
      doi            = "10.1007/JHEP02(2010)011, 10.1088/1126-6708/2009/09/111",
      year           = "2009",
      eprint         = "0907.4076",
      archivePrefix  = "arXiv",
      primaryClass   = "hep-ph",
      SLACcitation   = "%%CITATION = ARXIV:0907.4076;%%",
}
@article{Re:2010bp,
      author         = "Re, Emanuele",
      title          = "{Single-top Wt-channel production matched with parton
                        showers using the POWHEG method}",
      journal        = "Eur.Phys.J.",
      volume         = "C71",
      pages          = "1547",
      doi            = "10.1140/epjc/s10052-011-1547-z",
      year           = "2011",
      eprint         = "1009.2450",
      archivePrefix  = "arXiv",
      primaryClass   = "hep-ph",
      reportNumber   = "IPPP-10-74, DCPT-10-148",
      SLACcitation   = "%%CITATION = ARXIV:1009.2450;%%",
}
@article{Davidson:2010rw,
      author         = "Davidson, N. and Nanava, G. and Przedzinski, T. and
                        Richter-Was, E. and Was, Z.",
      title          = "{Universal Interface of TAUOLA Technical and Physics
                        Documentation}",
      journal        = "Comput.Phys.Commun.",
      volume         = "183",
      pages          = "821-843",
      doi            = "10.1016/j.cpc.2011.12.009",
      year           = "2012",
      eprint         = "1002.0543",
      archivePrefix  = "arXiv",
      primaryClass   = "hep-ph",
      reportNumber   = "IFJPAN-IV-2009-10",
      SLACcitation   = "%%CITATION = ARXIV:1002.0543;%%",
}
@article{Mangano:2006rw,
      author         = "Mangano, Michelangelo L. and Moretti, Mauro and
                        Piccinini, Fulvio and Treccani, Michele",
      title          = "{Matching matrix elements and shower evolution for
                        top-quark production in hadronic collisions}",
      journal        = "JHEP",
      volume         = "0701",
      pages          = "013",
      doi            = "10.1088/1126-6708/2007/01/013",
      year           = "2007",
      eprint         = "hep-ph/0611129",
      archivePrefix  = "arXiv",
      primaryClass   = "hep-ph",
      reportNumber   = "CERN-PH-TH-2006-232, FNT-T-2006-09",
      SLACcitation   = "%%CITATION = HEP-PH/0611129;%%",
}
@article{Field:2012jv,
      author         = "Field, Rick",
      title          = "{Min-Bias and the Underlying Event at the LHC}",
      year           = "2012",
      eprint         = "1202.0901",
      archivePrefix  = "arXiv",
      primaryClass   = "hep-ph",
      reportNumber   = "PIC2011",
      SLACcitation   = "%%CITATION = ARXIV:1202.0901;%%",
}
@article{Agostinelli:2002hh,
      author         = "Agostinelli, S. and others",
      title          = "{GEANT4: A Simulation toolkit}",
      collaboration  = "GEANT4",
      journal        = "Nucl.Instrum.Meth.",
      volume         = "A506",
      pages          = "250-303",
      doi            = "10.1016/S0168-9002(03)01368-8",
      year           = "2003",
      reportNumber   = "SLAC-PUB-9350, FERMILAB-PUB-03-339",
      SLACcitation   = "%%CITATION = NUIMA,A506,250;%%",
}
@misc{cms_slice,
title = "{Interactive Slice of the CMS detector} ",
note = "\url{https://cms-docdb.cern.ch/cgi-bin/PublicDocDB/ShowDocument?docid=4172}",
}
@article{Fruhwirth:1987fm,
      author         = "Fruhwirth, R.",
      title          = "{Application of Kalman filtering to track and vertex
                        fitting}",
      journal        = "Nucl.Instrum.Meth.",
      volume         = "A262",
      pages          = "444-450",
      doi            = "10.1016/0168-9002(87)90887-4",
      year           = "1987",
      reportNumber   = "HEPHY-PUB-87-503",
      SLACcitation   = "%%CITATION = NUIMA,A262,444;%%",
}
@techreport{Adam:934067,
      author        = "Adam, Wolfgang and Mangano, Boris and Speer, Thomas and
                       Todorov, Teddy",
      title         = "{Track Reconstruction in the CMS tracker}",
      institution   = "CERN",
      address       = "Geneva",
      number        = "CMS-NOTE-2006-041",
      month         = "Dec",
      year          = "2006",
}
@techreport{CMS-PAS-PFT-09-001,
      author        = "{CMS Collaboration}",
      title         = "{Particle-Flow Event Reconstruction in CMS and Performance
                       for Jets, Taus, and MET}",
      institution   = "CERN",
      collaboration = "CMS Collaboration",
      address       = "2009. Geneva",
      number        = "CMS-PAS-PFT-09-001",
      month         = "Apr",
      year          = "2009",
}
@article{Cacciari:2008gp,
      author         = "Cacciari, Matteo and Salam, Gavin P. and Soyez, Gregory",
      title          = "{The Anti-k(t) jet clustering algorithm}",
      journal        = "JHEP",
      volume         = "0804",
      pages          = "063",
      doi            = "10.1088/1126-6708/2008/04/063",
      year           = "2008",
      eprint         = "0802.1189",
      archivePrefix  = "arXiv",
      primaryClass   = "hep-ph",
      reportNumber   = "LPTHE-07-03",
      SLACcitation   = "%%CITATION = ARXIV:0802.1189;%%",
}
@article{Veszpremi:2014hpa,
      author         = "Veszpremi, V.",
      title          = "{Operation and performance of the CMS tracker}",
      collaboration  = "CMS",
      journal        = "JINST",
      volume         = "9",
      pages          = "C03005",
      doi            = "10.1088/1748-0221/9/03/C03005",
      year           = "2014",
      eprint         = "1402.0675",
      archivePrefix  = "arXiv",
      primaryClass   = "physics.ins-det",
      SLACcitation   = "%%CITATION = ARXIV:1402.0675;%%",
}
@book{Karimäki:368412,
      author        = "Karimäki, V and Mannelli, M and Siegrist, P and Breuker,
                       H and Caner, A and Castaldi, R and Freudenreich, K and
                       Hall, G and Horisberger, R and Huhtinen, M and Cattai, A",
      title         = "{The CMS tracker system project: Technical Design Report}",
      publisher     = "CERN",
      collaboration = "CMS Collaboration",
      address       = "Geneva",
      series        = "Technical Design Report CMS",
      year          = "1997",
}
@article{Backes,
   author = "Markus Backes",
   collaboration = "CMS",
   title="{Untersuchung der Kopplung im $\ttgamma$-Vertex mit dem CMS-Experiment}",
   journal = "RWTH Aachen",
   note = "Diploma Thesis",
   year = "2013",
}
@misc{Jet_Perf,
author = "CMS Collaboration",
title = "CMS public results: JEC performance plots for 2013 ",
year = "2013",
note = "\url{https://twiki.cern.ch/twiki/bin/view/CMSPublic/PhysicsResultsJME2013JEC}",
}
